<record><leader>00000cas a22000007a 4500</leader><controlfield tag="001">25775012</controlfield><controlfield tag="008">920507d1894190unyuir ne      0    0eng d</controlfield><datafield ind1=" " ind2=" " tag="010"><subfield code="a">sn 92061587 </subfield></datafield><datafield ind1=" " ind2=" " tag="040"><subfield code="a">NYS</subfield><subfield code="b">eng</subfield><subfield code="c">NYS</subfield><subfield code="d">OCLCQ</subfield></datafield><datafield ind1=" " ind2=" " tag="042"><subfield code="a">msc</subfield></datafield><datafield ind1="0" ind2=" " tag="130"><subfield code="a">Syracuse journal (Syracuse, N.Y. : 1894)</subfield></datafield><datafield ind1="1" ind2="0" tag="245"><subfield code="a">Syracuse journal.</subfield></datafield><datafield ind1=" " ind2=" " tag="260"><subfield code="a">Syracuse, N.Y. :</subfield><subfield code="b">Syracuse Journal Co.,</subfield><subfield code="c">1894-</subfield></datafield><datafield ind1=" " ind2=" " tag="300"><subfield code="a">v.</subfield></datafield><datafield ind1=" " ind2=" " tag="310"><subfield code="a">Triweekly,</subfield><subfield code="b">Jan. 25, 1904-</subfield></datafield><datafield ind1=" " ind2=" " tag="321"><subfield code="a">Semiweekly,</subfield><subfield code="b">Jan. 3, 1894-Jan. 23, 1904</subfield></datafield><datafield ind1="0" ind2=" " tag="362"><subfield code="a">Vol. 1, no. 1 (Jan. 3, 1894)-</subfield></datafield><datafield ind1=" " ind2=" " tag="500"><subfield code="a">Published on: Wednesday and Saturday, 1894-1904; and on: Monday, Wednesday, and Friday, 1904-</subfield></datafield><datafield ind1=" " ind2=" " tag="580"><subfield code="a">Daily eds.: Syracuse daily journal, 1894-1899; Syracuse journal (Syracuse, N.Y.), 1899-&lt;1904&gt;.</subfield></datafield><datafield ind1=" " ind2=" " tag="588"><subfield code="a">Latest issue consulted: Dec. 30, 1904.</subfield></datafield><datafield ind1=" " ind2="4" tag="651"><subfield code="a">Syracuse (N.Y.)</subfield><subfield code="v">Newspapers.</subfield></datafield><datafield ind1=" " ind2=" " tag="752"><subfield code="a">United States</subfield><subfield code="b">New York</subfield><subfield code="c">Onondaga</subfield><subfield code="d">Syracuse.</subfield></datafield><datafield ind1="1" ind2=" " tag="775"><subfield code="t">Syracuse daily journal</subfield><subfield code="w">(DLC)sn 83031912</subfield><subfield code="w">(OCoLC)10033458</subfield></datafield><datafield ind1="1" ind2=" " tag="775"><subfield code="t">Syracuse journal (Syracuse, N.Y.)</subfield><subfield code="w">(DLC)sn 84035917</subfield><subfield code="w">(OCoLC)11489874</subfield></datafield><datafield ind1="0" ind2=" " tag="775"><subfield code="t">Syracuse weekly journal</subfield><subfield code="w">(DLC)sn 83031895</subfield><subfield code="w">(OCoLC)10029302</subfield></datafield><datafield ind1="1" ind2=" " tag="029"><subfield code="a">AU@</subfield><subfield code="b">000020701154</subfield></datafield></record>